@article{aws,
  title={AWS - Qu'est-ce que SQL ?},
  publisher={AWS Amazon},
  author={Amazon Web Services},
  url={https://aws.amazon.com/what-is/sql/}
}


@article{mysql,
  title={MySQL},
  author={Wikipedia},
  url={https://en.wikipedia.org/wiki/MySQL}
}